@article{Lovelace1842,
  author = {Lovelace, Augusta Ada},
  title = {Sketch of the Analytical Engine Invented by {Charles}
    {Babbage,} by {LF} {Menabrea,} Officer of the Military Engineers,
    with Notes Upon the Memoir by the Translator},
  journal = {TaylorÔÇÖs Scientific Memoirs},
  volume = {3},
  pages = {666-731},
  date = {1842},
  langid = {en-GB}
}