
@article{duchmann2020,
	title = {COVID-19 COVID-19 COVID-19 COVID-19 COVID-19 COVID-19},
	author = {{Duchmann}, {Rainer}},
	year = {2020},
	month = {11},
	date = {2020-11},
	journal = {Endo-Praxis},
	pages = {173--173},
	volume = {36},
	number = {04},
	doi = {10.1055/a-1229-5048},
	url = {http://dx.doi.org/10.1055/a-1229-5048},
	langid = {de}
}

@article{Bermúdez2020,
	title = {From COVID-19 Disease Map Molecular Mechanisms to Executable Cell-specific Logical Models},
	author = {{Bermúdez}, {Viviam} and {Fariñas}, {Marco} and {Tsirvouli}, {Eirini} and {Kuiper}, {Martin}},
	year = {2020},
	month = {11},
	date = {2020-11-10},
	doi = {10.5281/ZENODO.4266706},
	url = {https://zenodo.org/record/4266706},
	langid = {en}
}
@article{Wagner2019,
	title = {The Social Life of Class Clowns: Class Clown Behavior Is Associated With More Friends, but Also More Aggressive Behavior in the Classroom},
	author = {{Wagner}, {Lisa}},
	year = {2019},
	month = {04},
	date = {2019-04-26},
	journal = {Frontiers in Psychology},
	volume = {10},
	doi = {10.3389/fpsyg.2019.00604},
	url = {http://dx.doi.org/10.3389/fpsyg.2019.00604}
}

@article{Vrillon2020,
	title = {COVID
            {-}19 in Older Adults: A Series of 76 Patients Aged 85{\hspace{0.167em}}Years and Older with
            COVID
            {-}19},
	author = {{Vrillon}, {Agathe} and {Hourregue}, {Claire} and {Azuar}, {Julien} and {Grosset}, {Lina} and {Boutelier}, {Ada} and {Tan}, {Sophie} and {Roger}, {Michael} and {Mourman}, {Vianney} and {Mouly}, {Stéphane} and {Sène}, {Damien} and {François}, {Véronique} and {Dumurgier}, {Julien} and {Paquet}, {Claire} and {}, {}},
	year = {2020},
	month = {10},
	date = {2020-10-28},
	journal = {Journal of the American Geriatrics Society},
	doi = {10.1111/jgs.16894},
	url = {http://dx.doi.org/10.1111/jgs.16894},
	langid = {en}
}

@article{Lopes-Junior2020,
	title = {Clown Intervention on Psychological Stress and Fatigue in Pediatric Patients With Cancer Undergoing Chemotherapy},
	author = {{Lopes-Junior}, {Luis C.} and {Silveira}, {Denise S. C.} and {Olson}, {Karin} and {Bomfim}, {Emiliana O.} and {Veronez}, {Luciana C.} and {Santos}, {Jéssica C.} and {Alonso}, {Jonas B.} and {Nascimento}, {Lucila C.} and {Pereira-da-Silva}, {Gabriela} and {Lima}, {Regina A. G.}},
	year = {2019},
	month = {02},
	date = {2019-02-13},
	journal = {Cancer Nursing},
	pages = {290--299},
	volume = {43},
	number = {4},
	doi = {10.1097/ncc.0000000000000690},
	url = {http://dx.doi.org/10.1097/NCC.0000000000000690},
	langid = {en}
}
