@Book{xie2015,
  title = {Dynamic Documents with {R} and knitr},
  author = {Yihui Xie},
  publisher = {Chapman and Hall/CRC},
  address = {Boca Raton, Florida},
  year = {2015},
  edition = {2nd},
  note = {ISBN 978-1498716963},
  url = {https://yihui.name/knitr/},
}
@Book{xie2016,
  title = {bookdown: Authoring Books and Technical Documents with {R} Markdown},
  author = {Yihui Xie},
  publisher = {Chapman and Hall/CRC},
  address = {Boca Raton, Florida},
  year = {2016},
  note = {ISBN 978-1138700109},
  url = {https://github.com/rstudio/bookdown},
}
@Book{xie2017,
  title = {blogdown: Creating Websites with {R} Markdown},
  author = {Yihui Xie and Alison Presmanes Hill and Amber Thomas},
  publisher = {Chapman and Hall/CRC},
  address = {Boca Raton, Florida},
  year = {2017},
  note = {ISBN 978-0815363729},
  url = {https://github.com/rstudio/blogdown},
}
@Book{xie2018,
  title = {R Markdown: The Definitive Guide},
  author = {Yihui Xie and J.J. Allaire and Garrett Grolemund},
  publisher = {Chapman and Hall/CRC},
  address = {Boca Raton, Florida},
  year = {2018},
  note = {ISBN 9781138359338},
  url = {https://bookdown.org/yihui/rmarkdown},
}
@Book{wickham2015,
 author = {Wickham, Hadley},
 title = {R Packages},
 year = {2015},
 isbn = {1491910593, 9781491910597},
 edition = {1st},
 publisher = {O'Reilly Media, Inc.},
}
@article{bion2018,
  author = {Ricardo Bion and Robert Chang and Jason Goodman},
  title = {How R Helps Airbnb Make the Most of its Data},
  journal = {The American Statistician},
  volume = {72},
  number = {1},
  pages = {46-52},
  year  = {2018},
  publisher = {Taylor \& Francis},
  doi = {10.1080/00031305.2017.1392362},
  URL = {https://doi.org/10.1080/00031305.2017.1392362},
  eprint = {https://doi.org/10.1080/00031305.2017.1392362}
}
@article{knuth1984,
  title={Literate programming},
  author={Knuth, Donald E.},
  journal={The Computer Journal},
  volume={27},
  number={2},
  pages={97--111},
  year={1984},
  publisher={British Computer Society}
}
@article{hartgerink2017,
  title={Too good to be false: Nonsignificant results revisited},
  author={Hartgerink, Chris HJ and Wicherts, Jelte M and van Assen, Marcel ALM},
  journal={Collabra: Psychology},
  volume={3},
  number={1},
  year={2017},
  publisher={The Regents of the University of California}
}
@article{lowndes2017,
  title={Our path to better science in less time using open data science tools},
  author={Lowndes, Julia S Stewart and Best, Benjamin D and Scarborough, Courtney and Afflerbach, Jamie C and Frazier, Melanie R and Oâ€™Hara, Casey C and Jiang, Ning and Halpern, Benjamin S},
  journal={Nature ecology \& evolution},
  volume={1},
  number={6},
  year={2017},
  publisher={Nature Publishing Group}
}

